@misc{JaidedAI2020,
  author = {JaidedAI},
  title = {EasyOCR: Ready-to-use OCR with 80+ Supported Languages},
  year = {2020},
  howpublished = {\url{https://github.com/JaidedAI/EasyOCR}}
}

@inproceedings{Bradski2000,
  author = {G. Bradski},
  title = {The OpenCV Library},
  booktitle = {Dr. Dobb's Journal of Software Tools},
  year = {2000}
}

@misc{Streamlit2020,
  author = {Streamlit Inc.},
  title = {Streamlit: The fastest way to build data apps in Python},
  year = {2020},
  howpublished = {\url{https://streamlit.io}}
}

@article{Smith2007,
  author    = {Ray Smith},
  title     = {An Overview of the Tesseract OCR Engine},
  journal   = {Proc. ICDAR},
  year      = {2007},
  pages     = {629--633}
}

@article{Niblack1985,
  author    = {W. Niblack},
  title     = {An Introduction to Digital Image Processing},
  year      = {1985},
  publisher = {Prentice Hall}
}

@article{Sauvola2000,
  author    = {J. Sauvola and M. Pietik√§inen},
  title     = {Adaptive Document Image Binarization},
  journal   = {Pattern Recognition},
  year      = {2000},
  volume    = {33},
  pages     = {225--236}
}

@inproceedings{Xu2020,
  author    = {Yiheng Xu and others},
  title     = {LayoutLM: Pre-training of Text and Layout for Document Image Understanding},
  booktitle = {Proc. KDD},
  year      = {2020}
}

@inproceedings{Appalaraju2021,
  author    = {Srinivas Appalaraju and others},
  title     = {DocFormer: End-to-End Transformer for Document Understanding},
  booktitle = {Proc. ICCV},
  year      = {2021}
}

@misc{Streamlit2023,
  author    = {Streamlit Inc.},
  title     = {Streamlit Documentation},
  howpublished = {\url{https://docs.streamlit.io}},
  year      = {2023}
}

@article{McKinney2010,
  author    = {Wes McKinney},
  title     = {Data Structures for Statistical Computing in Python},
  journal   = {Proc. SciPy},
  year      = {2010}
}

@misc{OpenPyXL2024,
  author    = {OpenPyXL Developers},
  title     = {OpenPyXL: A Python library to read/write Excel 2010 xlsx/xlsm files},
  howpublished = {\url{https://openpyxl.readthedocs.io/}},
  year      = {2024}
}

@misc{PythonDocs,
  author    = {Python Software Foundation},
  title     = {Python 3.11 Documentation},
  howpublished = {\url{https://docs.python.org/3.11/}},
  year      = {2023}
}

@misc{PythonSoftwareFoundation2024,
  author       = {{Python Software Foundation}},
  title        = {Python Programming Language, Version 3.11},
  year         = {2024},
  howpublished = {\url{https://www.python.org/}},
  note         = {Accessed: 2025-10-20}
}

@misc{VSCode2024,
  author       = {{Microsoft Corporation}},
  title        = {Visual Studio Code: Code Editing. Redefined.},
  year         = {2024},
  howpublished = {\url{https://code.visualstudio.com/}},
  note         = {Accessed: 2025-10-20}
}

@manual{ABBYYFineReader,
  title        = {ABBYY FineReader Engine: OCR SDK},
  author       = {{ABBYY}},
  year         = {2024},
  url          = {https://www.abbyy.com/ocr-sdk/},
  note         = {Vendor documentation}
}
